
@article{hoffman2014no,
  title={The No-{U}-Turn sampler: adaptively setting path lengths in Hamiltonian Monte Carlo.},
  author={Hoffman, Matthew D and Gelman, Andrew},
  journal={Journal of Machine Learning Research},
  volume={15},
  number={1},
  pages={1593--1623},
  year={2014}
}

@article{bishop1998hierarchical,
  title={A hierarchical latent variable model for data visualization},
  author={Bishop, Christopher M and Tipping, Michael E},
  journal={IEEE Transactions on Pattern Analysis and Machine Intelligence},
  volume={20},
  number={3},
  pages={281--293},
  year={1998},
  publisher={IEEE}
}

@book{bishop2006pattern,
  title={Pattern recognition and machine learning},
  author={Bishop, Christopher M},
  year={2006},
  publisher={springer}
}

@MastersThesis{philipsthesis,
    author     =     {Philip van Kuiken},
    title     =     {{Hierarchical visualization of single cell RNA-seq data}},
    school     =     {Vrije Universiteit Amsterdam},
    address     =     {the Netherlands},
    year     =     {2017}
    }
    
@article{darmanis2015survey,
  title={A survey of human brain transcriptome diversity at the single cell level},
  author={Darmanis, Spyros and Sloan, Steven A and Zhang, Ye and Enge, Martin and Caneda, Christine and Shuer, Lawrence M and Gephart, Melanie G Hayden and Barres, Ben A and Quake, Stephen R},
  journal={Proceedings of the National Academy of Sciences},
  volume={112},
  number={23},
  pages={7285--7290},
  year={2015},
  publisher={National Acad Sciences}
}

@article{nestorowa2016single,
  title={A single-cell resolution map of mouse hematopoietic stem and progenitor cell differentiation},
  author={Nestorowa, Sonia and Hamey, Fiona K and Pijuan Sala, Blanca and Diamanti, Evangelia and Shepherd, Mairi and Laurenti, Elisa and Wilson, Nicola K and Kent, David G and G{\"o}ttgens, Berthold},
  journal={Blood, The Journal of the American Society of Hematology},
  volume={128},
  number={8},
  pages={e20--e31},
  year={2016},
  publisher={American Society of Hematology Washington, DC}
}