@article{ppca,
  title={Probabilistic principal component analysis},
  author={Tipping, Michael E and Bishop, Christopher M},
  journal={Journal of the Royal Statistical Society: Series B (Statistical Methodology)},
  volume={61},
  number={3},
  pages={611--622},
  year={1999},
  publisher={Wiley Online Library}
}
